{
  "leader": "06841cam a2200625 a 4500",
  "fields": [
    {
      "001": "ocm29913408\\"
    },
    {
      "003": "OCoLC"
    },
    {
      "005": "20221223125119.0"
    },
    {
      "008": "930730s1993\\\\\\\\ii\\a\\\\\\\\\\b\\\\\\\\001\\0\\eng\\\\"
    },
    {
      "010": {
        "ind1": "\\",
        "ind2": "\\",
        "subfields": [
          {
            "a": "   93903242 "
          }
        ]
      }
    },
    {
      "040": {
        "ind1": "\\",
        "ind2": "\\",
        "subfields": [
          {
            "a": "DLC"
          },
          {
            "b": "eng"
          },
          {
            "c": "DLC"
          },
          {
            "d": "UIU"
          },
          {
            "d": "VPI"
          },
          {
            "d": "PIT"
          },
          {
            "d": "UKM"
          },
          {
            "d": "BAKER"
          },
          {
            "d": "BTCTA"
          },
          {
            "d": "YDXCP"
          },
          {
            "d": "GZM"
          },
          {
            "d": "ZCU"
          },
          {
            "d": "CHS"
          },
          {
            "d": "UKMGB"
          },
          {
            "d": "GBVCP"
          },
          {
            "d": "OCLCO"
          },
          {
            "d": "OCLCF"
          },
          {
            "d": "OCLCO"
          },
          {
            "d": "OCLCQ"
          },
          {
            "d": "OCL"
          },
          {
            "d": "OCLCQ"
          },
          {
            "d": "CPO"
          },
          {
            "d": "OCLCQ"
          },
          {
            "d": "OCLCO"
          },
          {
            "d": "UAV"
          },
          {
            "d": "OCLCO"
          }
        ]
      }
    },
    {
      "016": {
        "ind1": "7",
        "ind2": "\\",
        "subfields": [
          {
            "a": "012594282"
          },
          {
            "2": "Uk"
          }
        ]
      }
    },
    {
      "016": {
        "ind1": "7",
        "ind2": "\\",
        "subfields": [
          {
            "a": "012594791"
          },
          {
            "2": "Uk"
          }
        ]
      }
    },
    {
      "016": {
        "ind1": "7",
        "ind2": "\\",
        "subfields": [
          {
            "a": "019-56292"
          },
          {
            "2": "Uk"
          }
        ]
      }
    },
    {
      "019": {
        "ind1": "\\",
        "ind2": "\\",
        "subfields": [
          {
            "a": "28516708"
          },
          {
            "a": "41926575"
          },
          {
            "a": "1008005832"
          },
          {
            "a": "1110921305"
          }
        ]
      }
    },
    {
      "020": {
        "ind1": "\\",
        "ind2": "\\",
        "subfields": [
          {
            "a": "0195629248"
          }
        ]
      }
    },
    {
      "020": {
        "ind1": "\\",
        "ind2": "\\",
        "subfields": [
          {
            "a": "9780195629248"
          }
        ]
      }
    },
    {
      "020": {
        "ind1": "\\",
        "ind2": "\\",
        "subfields": [
          {
            "a": "0195646363"
          }
        ]
      }
    },
    {
      "020": {
        "ind1": "\\",
        "ind2": "\\",
        "subfields": [
          {
            "a": "9780195646368"
          }
        ]
      }
    },
    {
      "020": {
        "ind1": "\\",
        "ind2": "\\",
        "subfields": [
          {
            "a": "0195632230"
          }
        ]
      }
    },
    {
      "020": {
        "ind1": "\\",
        "ind2": "\\",
        "subfields": [
          {
            "a": "9780195632231"
          }
        ]
      }
    },
    {
      "035": {
        "ind1": "\\",
        "ind2": "\\",
        "subfields": [
          {
            "a": "(OCoLC)29913408"
          },
          {
            "z": "(OCoLC)28516708"
          },
          {
            "z": "(OCoLC)41926575"
          },
          {
            "z": "(OCoLC)1008005832"
          },
          {
            "z": "(OCoLC)1110921305"
          }
        ]
      }
    },
    {
      "043": {
        "ind1": "\\",
        "ind2": "\\",
        "subfields": [
          {
            "a": "a-ii---"
          },
          {
            "a": "n-us-ca"
          }
        ]
      }
    },
    {
      "050": {
        "ind1": "0",
        "ind2": "0",
        "subfields": [
          {
            "a": "NA737.S639"
          },
          {
            "b": "W48 1993"
          }
        ]
      }
    },
    {
      "082": {
        "ind1": "0",
        "ind2": "0",
        "subfields": [
          {
            "a": "720.92"
          },
          {
            "b": "WHI"
          }
        ]
      }
    },
    {
      "100": {
        "ind1": "1",
        "ind2": "\\",
        "subfields": [
          {
            "a": "White, Stephen,"
          },
          {
            "d": "1957-"
          }
        ]
      }
    },
    {
      "245": {
        "ind1": "1",
        "ind2": "0",
        "subfields": [
          {
            "a": "Building in the garden :"
          },
          {
            "b": "the architecture of Joseph Allen Stein in India and California /"
          },
          {
            "c": "Stephen White."
          }
        ]
      }
    },
    {
      "260": {
        "ind1": "\\",
        "ind2": "\\",
        "subfields": [
          {
            "a": "Delhi ;"
          },
          {
            "a": "New York :"
          },
          {
            "b": "Oxford University Press,"
          },
          {
            "c": "1993."
          }
        ]
      }
    },
    {
      "300": {
        "ind1": "\\",
        "ind2": "\\",
        "subfields": [
          {
            "a": "383 pages :"
          },
          {
            "b": "illustrations (some color) ;"
          },
          {
            "c": "22 x 29 cm"
          }
        ]
      }
    },
    {
      "336": {
        "ind1": "\\",
        "ind2": "\\",
        "subfields": [
          {
            "a": "text"
          },
          {
            "b": "txt"
          },
          {
            "2": "rdacontent"
          }
        ]
      }
    },
    {
      "337": {
        "ind1": "\\",
        "ind2": "\\",
        "subfields": [
          {
            "a": "unmediated"
          },
          {
            "b": "n"
          },
          {
            "2": "rdamedia"
          }
        ]
      }
    },
    {
      "338": {
        "ind1": "\\",
        "ind2": "\\",
        "subfields": [
          {
            "a": "volume"
          },
          {
            "b": "nc"
          },
          {
            "2": "rdacarrier"
          }
        ]
      }
    },
    {
      "504": {
        "ind1": "\\",
        "ind2": "\\",
        "subfields": [
          {
            "a": "Includes bibliographical references (pages 374-376) and index."
          }
        ]
      }
    },
    {
      "505": {
        "ind1": "0",
        "ind2": "\\",
        "subfields": [
          {
            "a": "Foreword / Garrett Eckbo -- An Appreciation / Erik Erikson and Joan Erikson -- Prologue: A Laudatio: Toward a Recognition of Life -- Introduction: From Organic Architecture to Ecological Consciousness: Joseph Allen Stein and the Path from the Midwestern United States to California, India and Beyond. Joseph Allen Stein: Education and Early Experiences. The Roots of an Organic Architecture. The Widening of The Stream: Organic Architecture and Ecological Consciousness. Voluntary Simplicity and the Development of Environmental Design in the San Francisco Bay Region. The Attraction of India. Beauty with Simplicity. The Responsibility for the Environment. Voluntary Simplicity and the Future Environment. Looking Backward and Looking Forward: Thoughts and Principles. Architecture and Nature. Co-operation and Fellowship. A Vocabulary of Form. Functionalism and Regionalism. The Prospect of Ecology -- Ch. 1. The Promise of California House Plans and Regional Development: Shelter for the American Family 1940-51."
          }
        ]
      }
    },
    {
      "505": {
        "ind1": "0",
        "ind2": "\\",
        "subfields": [
          {
            "a": "Song of California. The Promise of Environmental Design. A Moment of Co-operation. Modest Beauty. Structure and Society: Los Angeles and the War Years. House Prototypes. War Housing. The Inspiration of the San Francisco Bay Area. The Houses. Ladera and Co-operative Building in America. A Bridge. Concrete Panel Houses, Mill Valley, 1947. Ladera: An Ideal Community for 400 Families, Palo Alto, 1944-49 -- Ch. 2. The Oasis: Building in Delhi, 1955-. The Cities and Gardens of Delhi. Building at Lodi Estate. Elements of an Architecture for North India. Site and Landscape: Buildings in the Garden. Structure and Materials. Sun and Shade. Changes in Craft and Form. Beyond Sanctuary: The Prospect of the Vertical Garden. Triveni Kala Sangam Center for the Arts, 1957-77. India International Centre, 1959-62. Ford Foundation Headquarters, 1968. Memorial Plaza: Man's Quest for Equality Through Non-Violence, 1970. India Habitat Centre, 1986."
          }
        ]
      }
    },
    {
      "505": {
        "ind1": "0",
        "ind2": "\\",
        "subfields": [
          {
            "a": "Ch. 3. Shells: The Dome, The Vault and Development of Factory Roof Systems, 1951-. Attractions of Shell Geometries. Response to Landscape. Strength Through Shape. Community Life and Spiritual Development. Developing the Forms. The Dome. The Vault. Factory Roof Systems. Potentials. American International School, New Delhi, India 1960-70. Industrial Buildings for Escorts Limited, Faridabad and Surajpur, India, 1960-88. National Trade Centre and Exhibition Building, New Delhi, India, 1988- -- Ch. 4. The Himalaya: Celebration and Conservation: Kashmir and Bhutan, 1968-85. Celebration and Stewardship. Attempts at Balance: Issues and Places. The Valley of Kashmir: 'It Could Have Been a Part of Paradise'. Gulmarg. A Collaborative Plan for the Valley of Kashmir. The Revival of the Garden of the Himalaya. The Kashmir Conference Centre and the Re-establishment of Kashmir as a Centre of Asian Culture. Bhutan : Work with Nature Toward a Modern Bhutanese Architecture. Work With Nature. A Holding Pattern."
          }
        ]
      }
    },
    {
      "505": {
        "ind1": "0",
        "ind2": "\\",
        "subfields": [
          {
            "a": "Toward a Modern Bhutanese Architecture. The Opportunity: A New Exploration. The Kashmir Conference Centre, near Srinagar, Kashmir, 1977-84 -- Ch. 5. Beyond the City: Total Landscape: A Step Toward Sanity, 1940-. The Search for a Place to Live. Lessons of Wardha and Broadacres. From Calcutta and New York, Towards a Balance. A Sustainable Habitat for a Sustainable Democratic Society. J.A. Stein: The Identification of Ideals, 1940-55. Building and Reconsidering: Neighbourhood Planning for a New India and for California, 1955-85. Toward Total Landscape Design: Points of Social and Environmental Reconciliation, 1962-. The Prospect -- Building and Garden: Elements of a Synthesis of the Old and New. Two Low-Cost Houses: International Exhibition of Low-Cost Housing, New Delhi, 1954. Durgapur Steel Township, West Bengal, India 1955-59. Houses East and West: House Prototypes and Construction Systems for North India and California, 1985."
          }
        ]
      }
    },
    {
      "505": {
        "ind1": "0",
        "ind2": "\\",
        "subfields": [
          {
            "a": "Epilogue: Singular Points: Another Side of the Story of Modern Architecture. Catalogue: Joseph Allen Stein: Biography, Chronological List of Works, Publications -- App. A. The Universal Declaration Of Human Rights -- App. B. Lectures, 1952-89 -- App. C. Munich Mountain Environment Manifesto -- Mountains and the Human Future -- App. D.A Prospectus for the Development of a Modern Bhutanese Architecture."
          }
        ]
      }
    },
    {
      "600": {
        "ind1": "1",
        "ind2": "0",
        "subfields": [
          {
            "a": "Stein, Joseph Allen,"
          },
          {
            "d": "1912-2001"
          },
          {
            "x": "Criticism and interpretation."
          }
        ]
      }
    },
    {
      "650": {
        "ind1": "\\",
        "ind2": "0",
        "subfields": [
          {
            "a": "Architecture"
          },
          {
            "z": "India"
          },
          {
            "x": "History"
          },
          {
            "y": "20th century."
          }
        ]
      }
    },
    {
      "650": {
        "ind1": "\\",
        "ind2": "0",
        "subfields": [
          {
            "a": "Architecture"
          },
          {
            "z": "California"
          },
          {
            "x": "History."
          }
        ]
      }
    },
    {
      "600": {
        "ind1": "1",
        "ind2": "7",
        "subfields": [
          {
            "a": "Stein, Joseph Allen,"
          },
          {
            "d": "1912-2001"
          },
          {
            "2": "fast"
          },
          {
            "0": "(OCoLC)fst01718896"
          }
        ]
      }
    },
    {
      "650": {
        "ind1": "\\",
        "ind2": "7",
        "subfields": [
          {
            "a": "Architecture."
          },
          {
            "2": "fast"
          },
          {
            "0": "(OCoLC)fst00813346"
          }
        ]
      }
    },
    {
      "651": {
        "ind1": "\\",
        "ind2": "7",
        "subfields": [
          {
            "a": "California."
          },
          {
            "2": "fast"
          },
          {
            "0": "(OCoLC)fst01204928"
          }
        ]
      }
    },
    {
      "651": {
        "ind1": "\\",
        "ind2": "7",
        "subfields": [
          {
            "a": "India."
          },
          {
            "2": "fast"
          },
          {
            "0": "(OCoLC)fst01210276"
          }
        ]
      }
    },
    {
      "648": {
        "ind1": "\\",
        "ind2": "7",
        "subfields": [
          {
            "a": "1900-1999"
          },
          {
            "2": "fast"
          }
        ]
      }
    },
    {
      "655": {
        "ind1": "\\",
        "ind2": "7",
        "subfields": [
          {
            "a": "Criticism, interpretation, etc."
          },
          {
            "2": "fast"
          },
          {
            "0": "(OCoLC)fst01411635"
          }
        ]
      }
    },
    {
      "655": {
        "ind1": "\\",
        "ind2": "7",
        "subfields": [
          {
            "a": "History."
          },
          {
            "2": "fast"
          },
          {
            "0": "(OCoLC)fst01411628"
          }
        ]
      }
    },
    {
      "700": {
        "ind1": "1",
        "ind2": "\\",
        "subfields": [
          {
            "a": "Stein, Joseph Allen,"
          },
          {
            "d": "1912-2001."
          }
        ]
      }
    },
    {
      "776": {
        "ind1": "0",
        "ind2": "8",
        "subfields": [
          {
            "i": "Online version:"
          },
          {
            "a": "White, Stephen, 1957-"
          },
          {
            "t": "Building in the garden."
          },
          {
            "d": "Delhi ; New York : Oxford University Press, 1993"
          },
          {
            "w": "(OCoLC)902725217"
          }
        ]
      }
    },
    {
      "856": {
        "ind1": "4",
        "ind2": "1",
        "subfields": [
          {
            "3": "Table of contents"
          },
          {
            "u": "http://www.gbv.de/dms/bowker/toc/9780195629248.pdf"
          }
        ]
      }
    },
    {
      "856": {
        "ind1": "4",
        "ind2": "2",
        "subfields": [
          {
            "3": "Publisher description"
          },
          {
            "u": "http://catdir.loc.gov/catdir/enhancements/fy0639/93903242-d.html"
          }
        ]
      }
    },
    {
      "994": {
        "ind1": "\\",
        "ind2": "\\",
        "subfields": [
          {
            "a": "Z0"
          },
          {
            "b": "NYRVC"
          }
        ]
      }
    },
    {
      "948": {
        "ind1": "\\",
        "ind2": "\\",
        "subfields": [
          {
            "h": "NO HOLDINGS IN NYRVC - 208 OTHER HOLDINGS"
          }
        ]
      }
    },
    {
      "999": {
        "ind1": "\\",
        "ind2": "\\",
        "subfields": [
          {
            "a": "00000000018939"
          }
        ]
      }
    }
  ]
}